ISA*00*          *00*          *ZZ*SENDERID       *ZZ*RECEIVERID     *231015*1330*^*00501*000000002*0*T*:~GS*HP*SENDERID*RECEIVERID*20231015*1330*1*X*005010X221A1~ST*835*0001*005010X221A1~BPR*I*1500.75*C*ACH*CTX*01*999999999*DA*123456*1512345678*99*01*999999999*DA*123456*20231015~TRN*1*12345*1999999999~N1*PR*PAYER NAME*PI*99999~N1*PE*PAYEE NAME*XX*1234567890~CLP*CLAIM001*1*1000.50*750.25*250.25*12~CLP*CLAIM002*1*500.25*400.00*100.25*12~SE*9*0001~GE*1*1~IEA*1*000000002~
